@article{kilgour_gray_sallis_macdonell_2012, title={A fuzzy logic approach to computer software source code authorship analysis}, url={https://openrepository.aut.ac.nz/handle/10292/3471}, journal={Home}, publisher={Springer-Verlag}, author={Kilgour, RI and Gray, AR and Sallis, PJ and MacDonell, SG}, year={2012}, month={Mar}} 
@article{linares-vasquez_hossen_dang_kagdi_gethers_poshyvanyk_2012, title={Triaging incoming change requests: Bug or commit history, or code authorship?}, DOI={10.1109/icsm.2012.6405306}, journal={2012 28th IEEE International Conference on Software Maintenance (ICSM)}, author={Linares-Vasquez, Mario and Hossen, Kamal and Dang, Hoang and Kagdi, Huzefa and Gethers, Malcom and Poshyvanyk, Denys}, year={2012}}
@INPROCEEDINGS{6676896, author={X. {Meng} and B. P. {Miller} and W. R. {Williams} and A. R. {Bernat}}, booktitle={2013 IEEE International Conference on Software Maintenance},   title={Mining Software Repositories for Accurate Authorship}, year={2013}, pages={250-259}, doi={10.1109/ICSM.2013.36}}
@article{10.1007/s10664-017-9575-4, author = {Tsikerdekis, Michail}, title = {Persistent Code Contribution: A Ranking Algorithm for Code Contribution in Crowdsourced Software}, year = {2018}, issue_date = {August 2018}, publisher = {Kluwer Academic Publishers}, address = {USA}, volume = {23}, number = {4}, issn = {1382-3256}, url = {https://doi.org/10.1007/s10664-017-9575-4}, doi = {10.1007/s10664-017-9575-4}, journal = {Empirical Softw. Engg.}, month = aug, pages = {1871–1894}, numpages = {24}}
@article{10.1093/iwc/iwx010,
    author = {Tsikerdekis, Michail},
    title = "{Cumulative Experience and Recent Behavior and their Relation to Content Quality on Wikipedia }",
    journal = {Interacting with Computers},
    volume = {29},
    number = {5},
    pages = {737-754},
    year = {2017},
    month = {06},
    issn = {0953-5438},
    doi = {10.1093/iwc/iwx010},
    url = {https://doi.org/10.1093/iwc/iwx010},
    eprint = {https://academic.oup.com/iwc/article-pdf/29/5/737/19454601/iwx010.pdf},
}
@inbook{collins-sussman_fitzpatrick_pilato_2004, place={Sebastopol, California}, title={Fundamental Concepts}, booktitle={Version control with Subversion}, publisher={O'Reilly}, author={Collins-Sussman, Ben and Fitzpatrick, Brian W. and Pilato, C. Michael.}, year={2004}, pages={1–1}} 
@inproceedings{10.1145/2025113.2025119, author = {Bird, Christian and Nagappan, Nachiappan and Murphy, Brendan and Gall, Harald and Devanbu, Premkumar}, title = {Don't Touch My Code! Examining the Effects of Ownership on Software Quality}, year = {2011}, isbn = {9781450304436}, publisher = {Association for Computing Machinery}, address = {New York, NY, USA}, url = {https://doi.org/10.1145/2025113.2025119}, booktitle = {Proceedings of the 19th ACM SIGSOFT Symposium and the 13th European Conference on Foundations of Software Engineering}, doi = {10.1145/2025113.2025119}, pages = {4–14}, numpages = {11}, location = {Szeged, Hungary}, series = {ESEC/FSE '11}}
@inproceedings{10.1145/2601248.2601283,
author = {Foucault, Matthieu and Falleri, Jean-R\'{e}my and Blanc, Xavier},
title = {Code Ownership in Open-Source Software},
year = {2014},
isbn = {9781450324762},
publisher = {Association for Computing Machinery},
address = {New York, NY, USA},
url = {https://doi.org/10.1145/2601248.2601283},
doi = {10.1145/2601248.2601283},
booktitle = {Proceedings of the 18th International Conference on Evaluation and Assessment in Software Engineering},
articleno = {39},
numpages = {9},
keywords = {code ownership, reproduction study, process metrics},
location = {London, England, United Kingdom},
series = {EASE '14}
}
@article{10.1145/322063.322075,
author = {Maier, David},
title = {The Complexity of Some Problems on Subsequences and Supersequences},
year = {1978},
issue_date = {April 1978},
publisher = {Association for Computing Machinery},
address = {New York, NY, USA},
volume = {25},
number = {2},
issn = {0004-5411},
url = {https://doi.org/10.1145/322063.322075},
doi = {10.1145/322063.322075},
journal = {J. ACM},
month = apr,
pages = {322–336},
numpages = {15}
}
@misc{oleander_2020, title={Git Fame}, url={http://oleander.io/git-fame-rb/}, journal={oleander.io}, author={Oleander, Linus}, year={2020}}
@misc{git-blame_2020, title={git-blame Documentation}, url={https://git-scm.com/docs/git-blame}, journal={git-scm.com}, year={2020}, month={Oct} }
@INPROCEEDINGS{git-author_2013,  author={X. {Meng} and B. P. {Miller} and W. R. {Williams} and A. R. {Bernat}},  booktitle={2013 IEEE International Conference on Software Maintenance},   title={Mining Software Repositories for Accurate Authorship},   year={2013},  volume={},  number={},  pages={250-259},  doi={10.1109/ICSM.2013.36}}
@INPROCEEDINGS{5070564,  author={G. {Canfora} and L. {Cerulo} and M. {Di Penta}},  booktitle={2009 IEEE 31st International Conference on Software Engineering},   title={Ldiff: An enhanced line differencing tool},   year={2009},  volume={},  number={},  pages={595-598},  doi={10.1109/ICSE.2009.5070564}}
@article{10.1145/321796.321811,
author = {Wagner, Robert A. and Fischer, Michael J.},
title = {The String-to-String Correction Problem},
year = {1974},
issue_date = {Jan. 1974},
publisher = {Association for Computing Machinery},
address = {New York, NY, USA},
volume = {21},
number = {1},
issn = {0004-5411},
url = {https://doi.org/10.1145/321796.321811},
doi = {10.1145/321796.321811},
abstract = {The string-to-string correction problem is to determine the distance between two strings as measured by the minimum cost sequence of “edit operations” needed to change the one string into the other. The edit operations investigated allow changing one symbol of a string into another single symbol, deleting one symbol from a string, or inserting a single symbol into a string. An algorithm is presented which solves this problem in time proportional to the product of the lengths of the two strings. Possible applications are to the problems of automatic spelling correction and determining the longest subsequence of characters common to two strings.},
journal = {J. ACM},
month = jan,
pages = {168–173},
numpages = {6}
}
@article{FOUCAULT2015102,
title = "On the usefulness of ownership metrics in open-source software projects",
journal = "Information and Software Technology",
volume = "64",
pages = "102 - 112",
year = "2015",
issn = "0950-5849",
doi = "https://doi.org/10.1016/j.infsof.2015.01.013",
url = "http://www.sciencedirect.com/science/article/pii/S0950584915000294",
author = "Matthieu Foucault and Cédric Teyton and David Lo and Xavier Blanc and Jean-Rémy Falleri",
}
@ARTICLE{796139,  author={K. {Beck}},  journal={Computer},   title={Embracing change with extreme programming},   year={1999},  volume={32},  number={10},  pages={70-77},  doi={10.1109/2.796139}}
@inproceedings{10.1145/1531674.1531682,
author = {Panciera, Katherine and Halfaker, Aaron and Terveen, Loren},
title = {Wikipedians Are Born, Not Made: A Study of Power Editors on Wikipedia},
year = {2009},
isbn = {9781605585000},
publisher = {Association for Computing Machinery},
address = {New York, NY, USA},
url = {https://doi.org/10.1145/1531674.1531682},
doi = {10.1145/1531674.1531682},
booktitle = {Proceedings of the ACM 2009 International Conference on Supporting Group Work},
pages = {51–60},
numpages = {10},
keywords = {power editors, collaboration, wiki, contribution, Wikipedia},
location = {Sanibel Island, Florida, USA},
series = {GROUP '09}
}
@misc{wiki:lcs,
   author = "{Wikipedia contributors}",
   title = "Longest common subsequence problem - {W}ikipedia{,} The Free Encyclopedia",
   year = "2020",
   url = "https://en.wikipedia.org/wiki/Longest\_common\_subsequence\_problem",
   note = "[Online; accessed 22 Decemeber 2020]"
 }
 
 @misc{ wiki:codebase,
   author = "{Wikipedia contributors}",
   title = "Codebase - {W}ikipedia{,} The Free Encyclopedia",
   year = "2020",
   url = "https://en.wikipedia.org/wiki/Codebase",
   note = "[Online; accessed 15 Decemeber 2020]"
 }
 
 @misc{ wiki:gpm,
   author = "{Wikipedia contributors}",
   title = "Gestalt Pattern Matching - {W}ikipedia{,} The Free Encyclopedia",
   year = "2020",
   url = "https://en.wikipedia.org/wiki/Gestalt\_Pattern\_Matching",
   note = "[Online; accessed 15 Decemeber 2020]"
 }

@misc{python_software_foundation_2021, title={difflib — Helpers for computing deltas — Python 3.9.2 documentation}, url={https://docs.python.org/3/library/difflib.html}, journal={docs.python.org}, author={{Python Software Foundation}}, year={2021}, month={Mar} }

@post{stephen_post_2017,
author = {Joy, Stephen},
year = {2017},
month = {03},
title = {Statistical test on percentage data, what to use?},
url = {https://www.researchgate.net/post/Statistical_test_on_percentage_data_what_to_use}}
@misc{rosetta_code_2021, title={Sorting algorithms/Bubble sort - Rosetta Code}, url={https://rosettacode.org/wiki/Sorting_algorithms/Bubble_sort}, journal={rosettacode.org}, author={{Rosetta Code}}, year={2021}, month={Mar} }

@misc{ahola_2018, title={minetest/minetest/ban.cpp}, url={https://github.com/minetest/minetest/blob/master/src/ban.cpp}, journal={GitHub}, author={Ahola, Perttu}, year={2018}, month={Jan} }

@misc{ahola_2021, title={minetest/minetest}, url={https://github.com/minetest/minetest}, journal={GitHub}, author={Ahola, Perttu}, year={2021}, month={Apr} }

@misc{batsov_2021, title={The Ruby Style Guide}, url={https://rubystyle.guide/}, journal={rubystyle.guide}, author={Batsov, Bozhidar}, year={2021}, month={Mar} }

@misc{bcsconduct,
    author="{BCS}",
    title="{BCS Code of Conduct}",
    url="{https://www.bcs.org/media/2211/bcs-code-of-conduct.pdf}", 
    year={2020}, month={June}
}

@misc{wiki:ngram, title={n-gram}, url={https://en.wikipedia.org/wiki/N-gram}, journal={Wikipedia}, publisher={Wikimedia Foundation}, author={Wikipedia Contributors}, year={2019}, month={Feb} }

@misc{stephanie_2016, title={Jaccard Index / Similarity Coefficient}, url={https://www.statisticshowto.com/jaccard-index/}, journal={Statistics How To}, author={Stephanie}, year={2016}, month={Dec} }

@misc{caudwell_2017, title={acaudwell/Gource Wiki}, url={https://github.com/acaudwell/Gource/wiki}, journal={GitHub}, author={Caudwell, Andrew}, year={2017}, month={Oct} }